
//en orden iremos

@article{tedeschi-2006,
  title = {Assessment of the Adequacy of Mathematical Models},
  author = {Tedeschi, L. O.},
  year = {2006},
  journal = {Agricultural Systems},
  series = {(2-39)},
  volume = {89},
  pages = {225--247},
  doi = {10.1016/j.agsy.2005.11.004}
}

@article{medina-peralta-2017,
  title = {Validation of Models with Proportional Bias},
  author = {{Medina-Peralta}, S. and {Vargas-Villamil}, L. and {Colorado-Mart{\'i}nez}, L. and {Navarro-Alberto}, J.},
  year = {2017},
  journal = {Revista MVZ C{\'o}rdoba},
  volume = {22},
  pages = {5674--5682},
  doi = {10.21897/rmvz.927}
}


@article{mayer-butler-1993,
  title = {Statistical Validation},
  author = {Mayer, D.G. and Butler, D.G.},
  year = {1993},
  journal = {Theoretical Modelling Aspects},
  volume = {68},
  number = {1},
  pages = {21--32},
  issn = {0304-3800},
  doi = {10.1016/0304-3800(93)90105-2}
}


@article{yang-2004,
  title = {An Evaluation of Diagnostic Test and Their Roles in Validating Forest Biometric Models},
  author = {Yang, Y. and Monserud, A.R. and Huang, S.},
  year = {2004},
  journal = {Canadian Journal of Forest Research-revue Canadienne De Recherche Forestiere - CAN J FOREST RES},
  volume = {34},
  pages = {619--629},
  doi = {10.1139/x03-230}
}

@article{tedeschi-2006,
  title = {Assessment of the Adequacy of Mathematical Models},
  author = {Tedeschi, Luis O.},
  year = {2006},
  month = sep,
  volume = {89},
  pages = {225--247},
  issn = {0308-521X},
  doi = {10.1016/j.agsy.2005.11.004},
  journal = {Agricultural Systems},
  lccn = {INRMM-MiD:c-10284648},
  number = {2-3}
}


@book{montgomery-2012,
  title = {Introduction to Linear Regression Analysis},
  author = {Montgomery, D. C. and Peck, E. A. and G.G., Vining},
  year = {2012},
  edition = {5th Edition},
  publisher = {John wiley \& sons},
  address = {New Jersey, USA.},
  isbn = {0-470-54281-1}
}


@phdthesis{balam-2012,
  type = {Tesis de {{Maestr{\'i}a}}},
  title = {Evaluaci{\'o}n de La {{Exactitud}} y {{Precisi{\'o}n}} de Un {{Modelo}} Con {{Regresi{\'o}n Lineal}}},
  author = {{Balam}, Rosalinda},
  year = {2012},
  address = {M{\'e}rida, Yucat{\'a}n, M{\'e}xico.},
  school = {UADY, Facultad de Matem{\'a}ticas}
}


@phdthesis{zacarias-2023,
  type = {Tesis de {{Maestr{\'i}a}}},
  title = {Evaluaci{\'o}n de La Exactitud de Un Modelo Cuando No Se Cumplen Los Supuestos En La T{\'e}cnica de Regresi{\'o}n Lineal},
  author = {{Zacar{\'i}as}, Karen},
  year = {2023},
  address = {M{\'e}rida, Yucat{\'a}n, M{\'e}xico.},
  school = {UADY, Facultad de Matem{\'a}ticas}
}

@article{rana-2012,
  title = {Robust {{Wild Bootstrap}} for {{Stabilizing}} the {{Variance}} of {{Parameter Estimates}} in {{Heteroscedastic Regression Models}} in the {{Presence}} of {{Outliers}}},
  author = {Rana, Sohel and Midi, Habshah and Imon, A. H. M. R.},
  editor = {Nohara, Ben T.},
  year = {2012},
  month = feb,
  journal = {Mathematical Problems in Engineering},
  volume = {2012},
  pages = {730328},
  publisher = {Hindawi Publishing Corporation},
  issn = {1024-123X},
  doi = {10.1155/2012/730328},
}



@article{wu-1986,
  title = {Jackknife, {{Bootstrap}} and {{Other Resampling Methods}} in {{Regression Analysis}}},
  author = {Wu, C. F. J.},
  year = {1986},
  month = dec,
  journal = {The Annals of Statistics},
  volume = {14},
  number = {4},
  pages = {1261--1295},
  doi = {10.1214/aos/1176350142}
}



@article{liu-1988,
  title = {Bootstrap {{Procedures}} under Some {{Non-I}}.{{I}}.{{D}}. {{Models}}},
  author = {Liu, R. Y.},
  year = {1988},
  journal = {The Annals of Statistics},
  volume = {16},
  number = {4},
  pages = {1696--1708},
  doi = {10.1214/aos/1176351062}
}


@phdthesis{febles-2014,
  type = {Tesis de {{Maestr{\'i}a}}},
  title = {Evaluaci{\'o}n de La {{Eficacia}} Del {{M{\'e}todo}} de {{Regresi{\'o}n}} En La {{Validaci{\'o}n}} de {{Modelos}}: {{Un Estudio}} de {{Simulaci{\'o}n}}},
  author = {{Febles}, A},
  year = {2014},
  address = {M{\'e}rida, Yucat{\'a}n, M{\'e}xico.},
  school = {UADY, Facultad de Matem{\'a}ticas}
}




@ARTICLE{jung-2019,

AUTHOR={Jung, Kwanghee  and Lee, Jaehoon  and Gupta, Vibhuti  and Cho, Gyeongcheol },

TITLE={Comparison of Bootstrap Confidence Interval Methods for GSCA Using a Monte Carlo Simulation},

JOURNAL={Frontiers in Psychology},

VOLUME={10},

YEAR={2019},

URL={https://www.frontiersin.org/journals/psychology/articles/10.3389/fpsyg.2019.02215},

DOI={10.3389/fpsyg.2019.02215},

ISSN={1664-1078}

}











@book{chernickIntroductionBootstrapMethods211,
  title = {An Introduction to Bootstrap Methods with Applications to {{R}}},
  author = {Chernick, M. R. and LaBudde, R. A.},
  year = {211},
  publisher = {John Wiley \& Sons},
  isbn = {0-470-46704-6}
}






@book{montgomeryDesignAnalysisExperiments2017,
  title = {Design and Analysis of Experiments},
  author = {Montgomery, D. C.},
  year = {2017},
  edition = {8th edition},
  publisher = {John wiley \& sons},
  address = {New Jersey, USA.},
  isbn = {1-118-14692-7}
}




@article{ranneySampleCoefficientDetermination1981,
  title = {The {{Sample Coefficient}} of {{Determination}} in {{Simple Linear Regression}}},
  author = {Ranney, G. B. and Thigpen, C. C.},
  year = {1981},
  journal = {The American Statistician},
  volume = {35},
  number = {3},
  eprint = {2683984},
  eprinttype = {jstor},
  pages = {152--153},
  publisher = {[American Statistical Association, Taylor \& Francis, Ltd.]},
  issn = {00031305},
  doi = {10.2307/2683984},
  urldate = {2023-11-16}
}





@misc{LanguageEnvironmentStatistical2023,
  title = {R : {{A}} Language and Environment for {{Statistical Computing}}},
  year = {2024},
  address = {Vienna, Austria},
  howpublished = {R Core Team},
  isbn = {3-900051-07-0}
}


