@article{Arcones06,
  author       = {M. A. Arcones  and Y. Wang},
  title        = {Some new tests for normality based on U processes},
  journaltitle = {Statistics and Probability Letters},
  date         = {2006},
  volume       = {1},
  pages        = {69--82},
  langid       = {english},
}


@article{Bickel78,
  author       = {P. J. Bickel},
  title        = {Uso robusto de residuos I: Prueba de heteroscedasticidad y no linealidad},
  journaltitle = {Annals of Statistics},
  date         = {1978},
  volume       = {6},
  pages        = {266--291},
  langid       = {spanish},
}
@book{Bickel15,
	author       = {P. J. Bickel and K.A. Doksum},
	title        = {Mathematical Statistics: Basic Ideas and Selected Topics},
	publisher    = {Chapman and Hall/CRC},
	date         = {2015},
	volumes      ={I-II},
}
@article{Breush79,
  author       = {T. S. Breusch  and A. R. Pagan},
  title        = {A simple test for heteroscedasticity and random coefficient variation},
  journaltitle = {Econometrica},
  date         = {1979},
  volume       = {47},
  pages        = {1287--1294},
  langid       = {english},
}
@article{Harrison79,
  author       = {M.J. Harrison and B.P.M. McCabe},
  title        = {A Test for Heteroscedasticity based on Ordinary Least Squares Residuals},
  journaltitle = {Journal of the American Statistical Association},
  date         = {1979},
  volume       = {74},
  pages        = {494--499},
  langid       = {english},
}
@article{Koenker81,
  author       = {R. Koenker},
  title        = {A note on studentizing a test for heteroscedasticity},
  journaltitle = {Journal of Econometrics},
  date         = {1981},
  volume       = {17},
  pages        = {107--112},
  langid       = {english},
}
@article{Lilliefors67,
  author       = {H. Lilliefors},
  title        = {On the Kolmogorov-- Smirnov test for normality with mean and variance unknown},
  journaltitle = {Journal of the American Statistical Association},
  date         = {1967},
  volume       = {62},
  pages        = {399--402},
  langid       = {english},
}
@article{Liu88,
  author       = {R. Y. Liu},
  title        = {Bootstrap procedures under some non--i.i.d. models},
  journaltitle = {The Annals of Statistics},
  date         = {1988},
  volume       = {16(4)},
  pages        = {1696--1708},
  langid       = {english},
}
@article{Maronna14,
  author       = {R.A. Maronna and V.J. Yohai},
  title        = {High finite--sample efficiency and robustness based on distance--constrained maximum likelihood},
  journaltitle = {Computational Statistics and Data Analysis},
  date         = {2014},
  volume       = {83},
  pages        = {262--274},
  langid       = {english},
}
@book{Maronna19,
	author       = {R. Maronna and R. Martin  and V. Yohai and M. Salibian--Barrera},
	title        = {Robust Statistics Theory and Methods (with R)},
	publisher    = {New Jersey: John Wiley \& Sons, Inc.},
	date         = {2019},
}
@book{Montgomery12,
	author       = {D. Montgomery and  E. Peck and  G.G. Vining},
	title        = {Introduction to linear regression analysis},
	publisher    = {5a Ed. John Wiley \& Sons, Inc, New Jersey, USA.},
	date         = {2012},
}
@article{Oztuna06,
  author       = {D. Oztuna and  A.H. Elhan  and E. Tuccar},
  title        = {Investigation of four different normality tests in terms of type I. Error rate and power under different distributions},
  journaltitle = {Turkish Journal of Medical Sciences},
  date         = {2006},
  volume       = {3},
  pages        = {171--176},
  langid       = {english},
}
@article{R23,
  author       = { Core Team R},
  title        = {R: A language and environment for Statistical Computing},
  journaltitle = {http://www.Rproject.org/},
  date         = {2023},
  langid       = {english},
}
@article{Rana12,
  author       = {S. Rana and  H. Midi and  A. Imon},
  title        = {Robust Wild Bootstrap for Stabilizing the Variance of Parameter Estimates in Heteroscedastic Regression Models in the Presence of Outliers},
  journaltitle = {Mathematical Problems in Engineering},
  date         = {2012},
  volume       = {2012},
  pages        = {1-14},
  langid       = {english},
}
@article{Romanelli01,
  author       = {G.P. Romanelli  and  C.M. Martino  and E.A. Castro},
  title        = {Modeling the solubility of aliphatic alcohols via molecular descriptors},
  journaltitle = {Journal of the Chemical Society of Pakistan},
  date         = {2001},
  volume       = {23},
  pages        = {195--199},
  langid       = {english},
}
@article{Rousseeow84,
  author       = {P. J. Rousseeuw   and  V. Yohai},
  title        = {Robust regression by means of S-- estimators in J. Franke , W. Hardle , and R. D. Martin (Eds.), Robust Nonlinear Time Series Analysis},
  journaltitle = {Lecture Notes in Statistics},
  date         = {1984},
  volume       = {26},
  pages        = {256--272},
  langid       = {english},
}
@article{Steinskog07,
  author       = {D.J. Steinskog  and  D.B. Tjostheim and  N.G. Kvamsto},
  title        = {A Cautionary Note on the Use of the Kolmogorov--Smirnov Test for Normality},
  journaltitle = {Monthly Weather Review},
  date         = {2007},
  pages        = {1151--1157},
  langid       = {english},
}
@book{Taboga17,
	author       = {M. Taboga},
	title        = {Score test, Lectures on probability theory and mathematical statistic},
	publisher    = {3a Ed. Kindle Direct Publishing},
	date         = {2017},
	url      = {https://www.statlect.com/fundamentals-of-statistics/score-test},
}
@article{Thadewald07,
  author       = {T. Thadewald  and  H. Buning},
  title        = {Jarque--Bera Test and its Competitors for Testing Normality: A Power Comparison},
  journaltitle = {Journal of Applied Statistics},
  date         = {2007},
  volume       = {34(1)},
  pages        = {87--105},
  langid       = {english},
}
@article{Vega11,
  author       = {J.C. Vilca Vega  and  J. Guzm\'an},
  title        = {Regresi\'on PLS y PCA como soluci\'on al problema de multicolinealidad en regresi\'on m\'ultiple},
  journaltitle = {Revista de matem\'aticas: Teor\'ia y aplicaciones},
  date         = {2011},
  volume       = {18(1)},
  pages        = {9--20},
  langid       = {english},
}
@book{Verbeek04,
	author       = {M. Verbeek},
	title        = {A Guide to Modern Econometrics},
	publisher    = {2a Ed. Wiley \& Sons Ltd, Gran Breta\~{n}a},
	date         = {2004},
}
@book{Wackerly10,
	author       = {D. Wackerly  and  W. Mendenhall  and  R.L. Scheaffer},
	title        = {Mathematical Statistics with Applications},
	publisher    = {7 ed. Belmont, CA, USA: Thomson Higher Education},
	date         = {2010},
}
@article{Willmott05,
  author       = {J. Willmott Cort  and K. Matsuura},
  title        = {Advantages of the mean absolute error (MAE) over the root mean square error (RMSE) in assessing average model performance},
  journaltitle = {Climate Research},
  date         = {2005},
  volume       = {30},
  pages        = {79--82},
  langid       = {english},
}
@article{Wu86,
  author       = {C.F.J. Wu},
  title        = {Jackknife, Bootstrap and other resampling methods in regression analysis},
  journaltitle = {The Annals of Statistics},
  date         = {1986},
  volume       = {14(4)},
  pages        = {1261--1350},
  langid       = {english},
}
@article{Yazici07,
  author       = {B. Yazici and S. Yolacan},
  title        = {A comparison of various tests of normality},
  journaltitle = {Journal of Statistical Computation and Simulation},
  date         = {2007},
  volume       = {77(2)},
  pages        = {175--183},
  langid       = {english},
}
@article{Yohai87,
  author       = {V. Yohai},
  title        = {High Breakdown--point and high efficiency robust estimates for regression},
  journaltitle = {The Annals of Statistics},
  date         = {1987},
  volume       = {15(2)},
  pages        = {642--656},
  langid       = {english},
}